<record><leader>00000cas a22000007a 4500</leader><controlfield tag="001">33935114</controlfield><controlfield tag="008">951218d19061913okudn n       0    0eng d</controlfield><datafield ind1=" " ind2=" " tag="010"><subfield code="a">sn 95076363 </subfield></datafield><datafield ind1=" " ind2=" " tag="040"><subfield code="a">OBN</subfield><subfield code="b">eng</subfield><subfield code="c">OBN</subfield><subfield code="d">OCLCQ</subfield><subfield code="d">OCLCF</subfield><subfield code="d">OCLCO</subfield></datafield><datafield ind1="1" ind2=" " tag="029"><subfield code="a">AU@</subfield><subfield code="b">000025858566</subfield></datafield><datafield ind1=" " ind2=" " tag="042"><subfield code="a">msc</subfield></datafield><datafield ind1=" " ind2=" " tag="043"><subfield code="a">n-us-ok</subfield></datafield><datafield ind1="0" ind2="0" tag="245"><subfield code="a">Oklahoma City daily pointer.</subfield></datafield><datafield ind1="3" ind2=" " tag="246"><subfield code="a">Daily pointer</subfield></datafield><datafield ind1="3" ind2=" " tag="246"><subfield code="a">Tucker Bros. Oklahoma City daily pointer</subfield></datafield><datafield ind1="3" ind2=" " tag="246"><subfield code="a">Sunday pointer-examiner</subfield></datafield><datafield ind1=" " ind2=" " tag="260"><subfield code="a">Oklahoma City, Okla. :</subfield><subfield code="b">Tucker Bros.</subfield></datafield><datafield ind1=" " ind2=" " tag="300"><subfield code="a">v.</subfield></datafield><datafield ind1=" " ind2=" " tag="310"><subfield code="a">Daily (except Monday),</subfield><subfield code="b">June 2, 1907-June 12, 1913</subfield></datafield><datafield ind1=" " ind2=" " tag="321"><subfield code="a">Daily (except Sunday),</subfield><subfield code="b">Jan. 18, 1906-May 31, 1907</subfield></datafield><datafield ind1="0" ind2=" " tag="362"><subfield code="a">Vol. 1, no. 1 (Jan. 18, 1906)-v. 6, no 235 (June 12, 1913).</subfield></datafield><datafield ind1=" " ind2=" " tag="580"><subfield code="a">Morning ed.: Oklahoma City examiner.</subfield></datafield><datafield ind1=" " ind2=" " tag="580"><subfield code="a">On Sundays published as: Sunday pointer-examiner, Nov. 20-Dec. 4, 1910.</subfield></datafield><datafield ind1=" " ind2="0" tag="651"><subfield code="a">Oklahoma City (Okla.)</subfield><subfield code="v">Newspapers.</subfield></datafield><datafield ind1=" " ind2="0" tag="651"><subfield code="a">Oklahoma County (Okla.)</subfield><subfield code="v">Newspapers.</subfield></datafield><datafield ind1=" " ind2="7" tag="655"><subfield code="a">Newspapers.</subfield><subfield code="2">fast</subfield><subfield code="0">(OCoLC)fst01423814</subfield></datafield><datafield ind1=" " ind2="7" tag="651"><subfield code="a">Oklahoma</subfield><subfield code="z">Oklahoma City.</subfield><subfield code="2">fast</subfield><subfield code="0">(OCoLC)fst01204376</subfield></datafield><datafield ind1=" " ind2="7" tag="651"><subfield code="a">Oklahoma</subfield><subfield code="z">Oklahoma County.</subfield><subfield code="2">fast</subfield><subfield code="0">(OCoLC)fst01210430</subfield></datafield><datafield ind1=" " ind2=" " tag="752"><subfield code="a">United States</subfield><subfield code="b">Oklahoma</subfield><subfield code="c">Oklahoma</subfield><subfield code="d">Oklahoma City.</subfield></datafield><datafield ind1="1" ind2=" " tag="775"><subfield code="t">Oklahoma City examiner</subfield><subfield code="w">(DLC)sn 96087656</subfield><subfield code="w">(OCoLC)34502936</subfield></datafield><datafield ind1="0" ind2="0" tag="785"><subfield code="t">Oklahoma free daily pointer</subfield><subfield code="w">(DLC)sn 96087653</subfield><subfield code="w">(OCoLC)34502356</subfield></datafield></record>